<?xml version="1.0" encoding="utf-8"?>
<record xmlns="http://www.loc.gov/MARC21/slim" xmlns:xsi="http://www.w3.org/2001/XMLSchema-instance" xsi:schemaLocation="http://www.loc.gov/MARC21/slim http://www.loc.gov/standards/marcxml/schema/MARC21slim.xsd">
	<leader>     nam a22        4500</leader>
	<controlfield tag="001">484474</controlfield>
	<controlfield tag="003">NjP</controlfield>
	<controlfield tag="006">m        d        </controlfield>
	<controlfield tag="007">cr cn |||m|||a</controlfield>
	<controlfield tag="008">160623s1954    ua      o     000 0 ara d</controlfield>
	<datafield ind1=" " ind2=" " tag="040">
		<subfield code="a">NNU</subfield>
		<subfield code="b">eng</subfield>
		<subfield code="e">rda</subfield>
		<subfield code="c">NNU</subfield>
	</datafield>
	<datafield ind1="1" ind2=" " tag="100">
		<subfield code="6">880-01</subfield>
		<subfield code="a">Ibn al-Qāṣiḥ, ʻAlī ibn ʻUthmān,</subfield>
		<subfield code="d">1316 or 1317-1398 or 1399.</subfield>
	</datafield>
	<datafield ind1="1" ind2="0" tag="245">
		<subfield code="6">880-02</subfield>
		<subfield code="a">Sirāj al-qāriʼ al-mubtadiʼ wa-tidhkār al-muqriʼ al-muntahī :</subfield>
		<subfield code="b">sharḥ manẓūmat Ḥirz al-amānī wa-wajh al-tahānī li-Abī Muḥammad ibn Fīrrā ibn Abī al-Qāsim ibn Khalaf ibn Aḥmad al-Ruʻaynī al-Andalusī al-Shāṭibī /</subfield>
		<subfield code="c">taʼlīf Abī al-Qāsim ʻAlī ibn ʻUthmān ibn Muḥammad ibn Aḥmad ibn al-Ḥasan al-Qāṣiḥ al-ʻUdhrī al-Baghdādī. Wa-bi-dhayl ṣaḥāʼifihi Mukhtaṣar Bulūgh al-umnīyah / sharḥ ʻAlī Muḥammad al-Ḍabbāʻ ʻalá Naẓm taḥrīr masāʼil al-Shāṭibīyah lil-shaykh Ḥasan Khalaf al-Ḥusaynī. Wa-bi-al-hāmish Ghayth al-nafʻ fī al-qirāʼāt al-sabʻ / li-walī Allāh ʻAlī al-Nūrī al-Ṣafāqisī.</subfield>
	</datafield>
	<datafield ind1="3" ind2=" " tag="246">
		<subfield code="6">880-03</subfield>
		<subfield code="a">Mukhtaṣar Bulūgh al-umnīyah</subfield>
	</datafield>
	<datafield ind1="3" ind2=" " tag="246">
		<subfield code="6">880-04</subfield>
		<subfield code="a">Ghayth al-nafʻ fī al-qirāʼāt al-sabʻ</subfield>
	</datafield>
	<datafield ind1=" " ind2=" " tag="250">
		<subfield code="6">880-05</subfield>
		<subfield code="a">al-Ṭabʻah 3.</subfield>
	</datafield>
	<datafield ind1=" " ind2=" " tag="260">
		<subfield code="6">880-06</subfield>
		<subfield code="a">Miṣr :</subfield>
		<subfield code="b">Sharikat Maktabah wa-Maṭbaʻat Muṣṭafá al-Bābī al-Ḥalabī,</subfield>
		<subfield code="c">1954.</subfield>
	</datafield>
	<datafield ind1=" " ind2=" " tag="300">
		<subfield code="a">online resource (420 pages)</subfield>
	</datafield>
	<datafield ind1=" " ind2=" " tag="336">
		<subfield code="a">text</subfield>
		<subfield code="2">rdacontent</subfield>
	</datafield>
	<datafield ind1=" " ind2=" " tag="337">
		<subfield code="a">computer</subfield>
		<subfield code="2">rdamedia</subfield>
	</datafield>
	<datafield ind1=" " ind2=" " tag="338">
		<subfield code="a">online resource</subfield>
		<subfield code="2">rdacarrier</subfield>
	</datafield>
	<datafield ind1=" " ind2=" " tag="500">
		<subfield code="a">Part of the Arabic Collections Online (ACO) project, contributed by Princeton University Libraries.</subfield>
	</datafield>
	<datafield ind1=" " ind2=" " tag="533">
		<subfield code="a">Electronic reproduction.</subfield>
		<subfield code="b">New York, N.Y. :</subfield>
		<subfield code="c">New York University,</subfield>
		<subfield code="d">2016.</subfield>
		<subfield code="5">NNU</subfield>
	</datafield>
	<datafield ind1="1" ind2="0" tag="600">
		<subfield code="6">880-07</subfield>
		<subfield code="a">Shāṭibī, Qāsim ibn Firruh,</subfield>
		<subfield code="d">1144-1194.</subfield>
		<subfield code="t">Ḥirz al-amānī wa-wajh al-tahānī</subfield>
	</datafield>
	<datafield ind1="1" ind2="0" tag="600">
		<subfield code="6">880-08</subfield>
		<subfield code="a">Muqrīʼ, Ḥasan Khalaf al-Ḥusaynī.</subfield>
		<subfield code="t">Naẓm taḥrīr masāʼil al-Shāṭibīyah.</subfield>
	</datafield>
	<datafield ind1="0" ind2="0" tag="630">
		<subfield code="a">Qurʼan</subfield>
		<subfield code="x">Readings</subfield>
		<subfield code="v">Early works to 1800.</subfield>
	</datafield>
	<datafield ind1="1" ind2="2" tag="700">
		<subfield code="6">880-09</subfield>
		<subfield code="a">Nūrī al-Ṣafāqisī, ʻAlī ibn Muḥammad,</subfield>
		<subfield code="d">approximately 1643-1706.</subfield>
		<subfield code="t">Ghayth al-nafʻ fī al-qirāʼāt al-sabʻ. </subfield>
	</datafield>
	<datafield ind1="1" ind2=" " tag="700">
		<subfield code="6">880-10</subfield>
		<subfield code="a">Ḍabbāʻ, ʻAlī Muḥammad.</subfield>
		<subfield code="t">Mukhtaṣar Bulūgh al-umnīyah.</subfield>
	</datafield>
	<datafield ind1="2" ind2=" " tag="710">
		<subfield code="a">Princeton University.</subfield>
		<subfield code="b">Library.</subfield>
	</datafield>
	<datafield ind1="0" ind2=" " tag="730">
		<subfield code="a">Arabic Collections Online.</subfield>
	</datafield>
	<datafield ind1="0" ind2="8" tag="776">
		<subfield code="i">Print version:</subfield>
		<subfield code="a">Ibn al-Qāṣiḥ, ʻAlī ibn ʻUthmān, 1316 or 1317-1398 or 1399.</subfield>
		<subfield code="t">Sirāj al-qāriʼ al-mubtadiʼ wa-tidhkār al-muqriʼ al-muntahī</subfield>
		<subfield code="w">(NjP)484474</subfield>
		<subfield code="w">(OCoLC)23700239</subfield>
	</datafield>
	<datafield ind1="4" ind2="0" tag="856">
		<subfield code="u">http://hdl.handle.net/2333.1/zs7h485w</subfield>
	</datafield>
	<datafield ind1="1" ind2=" " tag="880">
		<subfield code="6">100-01/r</subfield>
		<subfield code="a">ابن القاصح، علي بن عثمان،</subfield>
		<subfield code="d">1316 or 1317-1398 or 1399.</subfield>
	</datafield>
	<datafield ind1="1" ind2="0" tag="880">
		<subfield code="6">245-02/r</subfield>
		<subfield code="a">سراج القارئ المبتدئ وتذكار المقرئ المنتهي :</subfield>
		<subfield code="b">شرح منظومة حرز الاماني ووجه التهاني لابي محمد بن فيرا بن ابي القاسم بن خلف بن احمد الرعيني الاندلسي الشاطبي /</subfield>
		<subfield code="c">تأليف ابي القاسم علي بن عثمان بن محمد بن احمد بن الحسن القاصح العذري البغدادي. وبذيل صحائفه مختصر بلوغ المنية / شرح علي محمد الضباع على نظم تحرير مسائل الشاطبية للشيخ حسن خلف الحسيني. وبالهامش غيث النفع في القراءات السبع / لولي الله علي النوري الصفاقسي.</subfield>
	</datafield>
	<datafield ind1="3" ind2=" " tag="880">
		<subfield code="6">246-03/r</subfield>
		<subfield code="a">مختصر بلوغ المنية</subfield>
	</datafield>
	<datafield ind1="3" ind2=" " tag="880">
		<subfield code="6">246-04/r</subfield>
		<subfield code="a">غيث النفع في القراءات السبع</subfield>
	</datafield>
	<datafield ind1=" " ind2=" " tag="880">
		<subfield code="6">250-05/r</subfield>
		<subfield code="a">الطبعة 3.</subfield>
	</datafield>
	<datafield ind1=" " ind2=" " tag="880">
		<subfield code="6">260-06/r</subfield>
		<subfield code="a">مصر :</subfield>
		<subfield code="b">شركة مكتبة ومطبعة مصطفى البابي الحلبي،</subfield>
		<subfield code="c">1954.</subfield>
	</datafield>
	<datafield ind1="1" ind2="4" tag="880">
		<subfield code="6">600-07/r</subfield>
		<subfield code="a">شاطبي، قاسم بن فره،</subfield>
		<subfield code="d">1144-1194.</subfield>
		<subfield code="t">حرز الاماني ووجه التهاني</subfield>
	</datafield>
	<datafield ind1="1" ind2="4" tag="880">
		<subfield code="6">600-08/r</subfield>
		<subfield code="a">مقريء، حسن خلف الحسيني.</subfield>
		<subfield code="t">نظم تحرير مسائل الشاطبية.</subfield>
	</datafield>
	<datafield ind1="1" ind2="2" tag="880">
		<subfield code="6">700-09/r</subfield>
		<subfield code="a">نوري الصفاقسي، علي بن محمد،</subfield>
		<subfield code="d">approximately 1643-1706. </subfield>
		<subfield code="t">غيث النفع في القراءات السبع. </subfield>
	</datafield>
	<datafield ind1="1" ind2=" " tag="880">
		<subfield code="6">700-10/r</subfield>
		<subfield code="a">ضباع، علي محمد.</subfield>
		<subfield code="t">مختصر بلوغ المنية.</subfield>
	</datafield>
	<datafield ind1=" " ind2=" " tag="959">
		<subfield code="a">NNU</subfield>
		<subfield code="b">WEB</subfield>
		<subfield code="c">GENI</subfield>
		<subfield code="t">0</subfield>
		<subfield code="m">Electronic access</subfield>
		<subfield code="s">01</subfield>
	</datafield>
	<datafield ind1=" " ind2=" " tag="999">
		<subfield code="i">NjP_484474</subfield>
		<subfield code="o">(OCoLC)ocm23700239</subfield>
		<subfield code="s">princeton_aco000268</subfield>
		<subfield code="e">(ERROR-880)</subfield>
		<subfield code="s">princeton_aco000268</subfield>
	</datafield>
</record>
